%% LaTeX2e file `fakebib.bib'
%% generated by the `filecontents' environment
%% from source `snippetReferences' on 2021/02/15.
%%
 @article{article,
  author  = {Peter Adams and Hugh Adamsson and Gary Elliot Macklemore},
  title   = {The title of the work},
  journal = {The name of the journal},
  year    = 1993,
  number  = 2,
  pages   = {201-213},
  month   = 7,
  note    = {An optional note},
  volume  = 4
 }
 
 @book{book,
  author    = {Peter Babington},
  title     = {The title of the work},
  publisher = {The name of the publisher},
  year      = 1993,
  volume    = 4,
  series    = 10,
  address   = {The address},
  edition   = 3,
  month     = 7,
  note      = {An optional note},
  isbn      = {3257227892}
 }

 @article{Einstein1905,
  author = {A. Einstein},
  title = {\"Uber die von der molekularkinetischen Theorie der W\"arme geforderte Bewegung von in  ruhenden Fl\"ussigkeiten  suspendierten  Teilchen},
  journal = {Annalen  der  Physik},
  year = 1905,
  volume = 322,
  number = 8,
  pages = {549-560}
 }

