@article{alfonso2010,
	author = {Alfonso, Leonardo and Lobbrecht, Arnold and Price, Roland},
	date-modified = {2022-03-05 12:26:14 +0100},
	journal = {Water Resources Research},
	number = {12},
	publisher = {Wiley Online Library},
	title = {Optimization of water level monitoring network in polder systems using information theory},
	volume = {46},
	year = {2010}
}
